@article{ref:hendry,
author = { Hendry, George A. F. and Houghton, Jennifer D. and Brown, Stanley B.},
title = {THE DEGRADATION OF CHLOROPHYLL — A BIOLOGICAL ENIGMA},
journal = {New Phytologist},
volume = {107},
number = {2},
pages = {255-302},
year = "1987",
}

@article{ref:anatoly,
title = "Relationships between leaf chlorophyll content and spectral reflectance and algorithms for non-destructive chlorophyll assessment in higher plant leaves",
journal = "Journal of Plant Physiology",
volume = "160",
number = "3",
pages = "271 - 282",
year = "2003",
author = "Anatoly A. Gitelson and Yuri Gritz and Mark N. Merzlyak",
}



@article{ref:huang,
  author    = {Jonathan Huang and
               Vivek Rathod and
               Chen Sun and
               Menglong Zhu and
               Anoop Korattikara and
               Alireza Fathi and
               Ian Fischer and
               Zbigniew Wojna and
               Yang Song and
               Sergio Guadarrama and
               Kevin Murphy},
  title     = {Speed/accuracy trade-offs for modern convolutional object detectors},
  journal   = {CoRR},
  volume    = {abs/1611.10012},
  year      = {2016},
}



@article{ref:chemura,
  title={Separability of coffee leaf rust infection levels with machine learning methods at Sentinel-2 MSI spectral resolutions},
  author={Abel Chemura and Onisimo Mutanga and Timothy Dube},
  journal={Precision Agriculture},
  year={2016},
  volume={18},
  pages={859-881}
}




@article{ref:pug,
author = {N. Ace Pugh and Xiongzhe Han and S. Delroy Collins and J. Alex Thomasson and Dale Cope and Anjin Chang and Jinha Jung and Thomas S. Isakeit and Louis K. Prom and Geraldo Carvalho and Ian T. Gates and Andrew Vree and G. Cody Bagnall and William L. Rooney},
title = {Estimation of plant health in a sorghum field infected with anthracnose using a fixed-wing unmanned aerial system},
journal = {Journal of Crop Improvement},
volume = {32},
number = {6},
pages = {861-877},
year  = {2018}
}




@article{ref:tsedaley,
  author    = {Binyam Tsedaley and Girma Adugna and Fikre Lemessa},
  title     = {Distribution and Importance of Sorghum Anthracnose (Colletotrichum sublineolum) in Southwestern and Western Ethiopia},
  journal   = {Plant Pathology Journal},
  volume    = "15",
  pages     = "75 - 85",
  year      = {2016}
}

@article{ref:zeller,
  author    = {F. J. Zeller},
  title     = {Sorghumhirse (Sorghum bicolor L. Moench): Nutzung, Genetik, Züchtung},
  journal   = {Bodenkultur},
  volume    = "51",
  pages     = "71 - 85",
  year      = {2000}
}

@online{ref:spiegel,
  author = {Stefan Parsch},
  title = "So fatal sind Schädlinge und Krankheiten für die Ernte",
  year = "2019",
  howpublished = "http://www.spiegel.de/wissenschaft/mensch/landwirtschaft-so-fatal-sind-schaedlinge-und-krankheiten-a-1251826.html",
  note = "[Zuletzt besucht: 09.02.2019]"
}

@online{ref:nasa,
	author = "{NASA}",
	title = "Measuring Vegetation (NDVI \& EVI)",
	year = "2000",
	howpublished = "https://earthobservatory.nasa.gov/features/MeasuringVegetation/measuring\_ vegetation\_2.php",
	note = "[Zuletzt besucht: 13.12.2018]"
}

@online{ref:jordan,
  author = "Jeremy Jordan",
  title = "Evaluating image segmentation models.",
  year = "2018",
  howpublished = "https://www.jeremyjordan.me/evaluating-image-segmentation-models/",
  note = "[Zuletzt besucht: 27.01.2019]"
}

@online{ref:regulization:gupta,
  author = "Prashant Gupta",
  title = "Regularization in Machine Learning",
  year = "2017",
  howpublished = "https://towardsdatascience.com/regularization-in-machine-learning-76441ddcf99a",
  note = "[Zuletzt besucht: 09.01.2019]"
}

@online{ref:regulization:nagpal,
  author = "Anuja Nagpal",
  title = "L1 and L2 Regularization Methods",
  year = "2017",
  howpublished = "https://towardsdatascience.com/l1-and-l2-regularization-methods-ce25e7fc831c",
  note = "[Zuletzt besucht: 09.01.2019]"
}

@online{ref:augmentation,
  author = "Bharath Raj",
  title = "Data Augmentation | How to use Deep Learning when you have Limited Data - Part 2",
  year = "2018",
  howpublished = "https://medium.com/nanonets/how-to-use-deep-learning-when-you-have-limited-data-part-2-data-augmentation-c26971dc8ced",
  note = "[Zuletzt besucht: 09.01.2019]"
}

@online{ref:copernicus,
	author = "{Copernicus}",
	title = "Copernicus In Brief",
	howpublished = "https://www.copernicus.eu/en/about-copernicus/copernicus-brief",
	note = "[Zuletzt besucht: 15.12.2018]"
}

@online{ref:sentinel:radiores,
	author = "{ESA}",
	title = "Radiometric Resolutions",
	year = "2018",
	howpublished = "https://earth.esa.int/web/sentinel/user-guides/sentinel-2-msi/resolutions/radiometric",
	note = "[Zuletzt besucht: 20.12.2018]"
}

@online{ref:sentinel:descr,
  author = "{ESA}",
  title = "Satellite Description",
  year = "2018",
  howpublished = "https://earth.esa.int/web/sentinel/missions/ sentinel-2/satellite-description",
  note = "[Zuletzt besucht: 09.02.2019]"
}

@online{ref:sentinel:ndvi,
	author = "{ESA}",
	title = "Level-2A Algorithm Overview",
	year = "2018",
	howpublished = "https://sentinel.esa.int/web/sentinel/ technical-guides/sentinel-2-msi/level-2a/algorithm",
	note = "[Zuletzt besucht: 20.12.2018]"
}

@online{ref:landsat,
	author = "{U.S. Department of the Interior}",
	title = "What are the band designations for the Landsat satellites?",
	year = "n.b.",
	howpublished = "https://sentinel.esa.int/web/sentinel/technical-guides/sentinel-2-msi/level-2a/algorithm",
	note = "[Zuletzt besucht: 24.12.2018]"
}

@online{ref:cnn-architecture,
  author = "{NVIDIA Corporation}",
  title = "Convolutional Neural Network (CNN)",
  year = "2019",
  howpublished = "https://developer.nvidia.com/discover/convolutional-neural-network",
  note = "[Zuletzt besucht: 04.01.2019]"
}

@online{ref:map,
  author = {Jonathan Hui},
  title = "mAP (mean Average Precision) for Object Detection",
  year = "2018",
  howpublished = "https://medium.com/@jonathan\_hui/map-mean-average-precision-for-object-detection-45c121a31173",
  note = "[Zuletzt besucht: 25.01.2019]"
}

@online{ref:dataset,
  author = {Tarang Shah},
  title = "About Train, Validation and Test Sets in Machine Learning",
  year = "2017",
  howpublished = "https://towardsdatascience.com/train-validation-and-test-sets-72cb40cba9e7",
  note = "[Zuletzt besucht: 16.01.2019]"
}

@online{ref:cnn,
  author = "Daphne Cornelisse",
  title = "An intuitive guide to Convolutional Neural Networks",
  year = "2018",
  howpublished = "https://medium.freecodecamp.org/an-intuitive-guide-to-convolutional-neural-networks-260c2de0a050",
  note = "[Zuletzt besucht: 04.01.2019]"
}

@online{ref:matterport,
  title={Mask R-CNN for object detection and instance segmentation on Keras and TensorFlow},
  author={Waleed Abdulla},
  year={2017},
  publisher={Github},
  journal={GitHub repository},
  howpublished="https://github.com/matterport/Mask\_RCNN",
  note = "[Zuletzt besucht: 06.01.2019]"
}

@online{ref:mask-rcnn-architecture,
  title={Image segmentation with Mask R-CNN},
  author={Jonathan Hui},
  year={2018},
  publisher={A Medium Corporation},
  howpublished="https://medium.com/@jonathan\_hui/image-segmentation-with-mask-r-cnn-ebe6d793272",
  note = "[Zuletzt besucht: 06.01.2019]"
}

@online{ref:coco:eval,
  title={Detection Evaluation},
  author="{COCO Consortium}",
  year={n.b.},
  howpublished="http://cocodataset.org/\#detection-eval",
  note = "[Zuletzt besucht: 28.01.2019]"
}

@online{ref:coco,
  title={COCO 2018 Object Detection Task},
  author="{COCO Consortium}",
  year={2018},
  howpublished="http://cocodataset.org/\#detection-2018",
  note = "[Zuletzt besucht: 06.01.2019]"
}

@online{ref:arlen,
  title={Understanding the mAP Evaluation Metric for Object Detection},
  author={Timothy Arlen},
  year={2018},
  howpublished="https://medium.com/@timothycarlen/understanding-the-map-evaluation-metric-for-object-detection-a07fe6962cf3",
  note = "[Zuletzt besucht: 28.01.2019]"
}

@article{ref:verrelst,
title = "Machine learning regression algorithms for biophysical parameter retrieval: Opportunities for Sentinel-2 and -3",
journal = "Remote Sensing of Environment",
volume = "118",
pages = "127 - 139",
year = "2012",
author = "Jochem Verrelst and Jordi Muñoz and Luis Alonso and Jesús Delegido and Juan Pablo Rivera and Gustavo Camps-Valls and José Moreno"
}

@article{ref:root-rot,
AUTHOR = {Chakradhar Mattupalli and Corey A. Moffet and Kushendra N. Shah and Carolyn A. Young},
TITLE = {Supervised Classification of RGB Aerial Imagery to Evaluate the Impact of a Root Rot Disease},
JOURNAL = {Remote Sensing},
VOLUME = {10},
YEAR = {2018},
NUMBER = {6},
ARTICLE-NUMBER = {917}
}

@online{ref:sentinel:resolutions,
	author = "{ESA}",
	title = "Resolutions",
	year = "2018",
	howpublished = "https://earth.esa.int/web/sentinel/user-guides/sentinel-2-msi/resolutions",
	note = "[Zuletzt besucht: 20.12.2018]"
}

@online{ref:matterport:maskrcnn,
	author = "Waleed Abdulla",
	title = "Splash of Color: Instance Segmentation with Mask R-CNN and TensorFlow",
	year = "2018",
	howpublished = "https://engineering.matterport.com/splash-of-color-instance-segmentation-with-mask-r-cnn-and-tensorflow-7c761e238b46",
	note = "[Zuletzt besucht: 22.12.2018]"
}

@article{ref:maskrcnn,
  author    = {Kaiming He and Georgia Gkioxari and Piotr Doll{\'{a}}r and Ross B. Girshick},
  title     = {Mask {R-CNN}},
  journal   = {CoRR},
  volume    = {abs/1703.06870},
  year      = {2017}
}

@article{ref:faster-r-cnn,
  author    = {Shaoqing Ren and
               Kaiming He and
               Ross B. Girshick and
               Jian Sun},
  title     = {Faster {R-CNN:} Towards Real-Time Object Detection with Region Proposal
               Networks},
  journal   = {CoRR},
  volume    = {abs/1506.01497},
  year      = {2015},
}


@techreport{ref:rfc7946,
   AUTHOR = "Howard Butler and Martin Daly and Allan Doyle and Sean Gillies and Stefan Hagen and Tim Schaub",
   TITLE = "{The GeoJSON Format}",
   HOWPUBLISHED = {\url{https://tools.ietf.org/html/rfc7946}},
   TYPE="{RFC}",
   NUMBER=7946,
   PAGES = {1-28},
   YEAR = {2016},
   MONTH = {August},
   ISSN = {2070-1721},
   PUBLISHER = "{IETF}",
   INSTITUTION = "{IETF}",
   URL={https://tools.ietf.org/html/rfc7946}
   }